<?xml version="1.0" encoding="UTF-8"?><collection xmlns="http://www.loc.gov/MARC21/slim"><record><leader>00643nam--2200181-u-4500</leader><controlfield tag="001">000053537</controlfield><controlfield tag="002">20161230</controlfield><controlfield tag="005">20170107160252</controlfield><controlfield tag="008">110412s1000------------r-----000-0-eng-d</controlfield><datafield ind1=" " ind2=" " tag="040"><subfield code="a">IFIN-HH</subfield></datafield><datafield ind1=" " ind2=" " tag="080"><subfield code="a">681.3.06:61(061.3)</subfield></datafield><datafield ind1="1" ind2=" " tag="100"><subfield code="a">Tarnay, Katie</subfield></datafield><datafield ind1="1" ind2="0" tag="245"><subfield code="a">Combio 96 Summer Workshop on computational modeling, imaging and visualization in biosciences, 29-31 August, 1996, Sopron, Hungary</subfield><subfield code="c">Katie Tarnay; Zoltan Fazekas (eds.)</subfield></datafield><datafield ind1=" " ind2=" " tag="260"><subfield code="a">Budapest</subfield><subfield code="b">KFKIi Research Institute For Measurement And Computing Techniques</subfield><subfield code="c">1996</subfield></datafield><datafield ind1=" " ind2=" " tag="300"><subfield code="a">128 p</subfield></datafield><datafield ind1="1" ind2=" " tag="700"><subfield code="a">Fazekas, Zolt©Łn</subfield><subfield code="e">Ed</subfield></datafield><datafield ind1=" " ind2=" " tag="852"><subfield code="a">80620</subfield><subfield code="c">61</subfield></datafield><datafield ind1=" " ind2=" " tag="CAT"><subfield code="a">SYS</subfield><subfield code="c">20170107</subfield><subfield code="h">160252</subfield></datafield></record></collection>